2178 2695
196 519 310 562 larii-m
333 525 369 562 in
391 526 492 572 puppi
517 525 606 561 navis
632 526 747 570 longae
773 526 917 560 enat-a.
970 525 1242 560 Tac.ann.:11.
1275 526 1318 560 14
1345 525 1476 560 enata
1499 523 1596 559 humo
1621 523 1807 568 virgulta.
1823 514 1958 566 Sueten.

139 759 144 764 “
195 756 320 801 (ΒΟΗ;
345 755 394 791 N:
421 754 472 790 vel
497 753 632 799 ignium)
658 764 745 789 mora
772 754 899 799 probari
925 757 1042 800 potest.

213 340 269 376 μ’·
284 335 499 407 natmngulos
523 353 652 400 quidem
683 353 826 389 homines
856 363 1005 389 evasuros
1035 363 1106 389 esse
1135 351 1345 397 existimasse,
1378 353 1414 387 at
1444 339 1563 398 magna
1591 331 1714 389 admira

183 414 282 481 cuin
292 415 420 459 magna
445 411 624 448 Poenorum
650 410 762 445 classis
787 409 879 454 quasi
905 420 945 445 ex
970 410 1066 445 humo
1091 411 1187 445 enata
1212 420 1230 445 e
1254 410 1350 455 portu
1374 407 1528 454 provenit.
1720 421 1734 426 -’
1814 419 1819 422 ·

328 469 394 515 Et
418 462 622 515 participium
651 469 788 509 „⁶⁴enata
818 478 882 502 non
913 477 985 502 raro
1011 477 1031 502 a
1057 466 1264 512 scriptoribus
1289 465 1416 502 Latinis
1446 464 1623 501 adhibitum
1656 464 1739 511 (niv.
1767 456 1926 517 xm·

196 592 224 618 c.
255 582 319 619 94
328 582 452 620 soboles
479 593 521 619 ex
546 583 657 618 arbore
683 583 820 619 enata.
874 581 1001 618 Curtius
1026 583 1070 618 Π.
1102 585 1123 618 8
1151 582 1287 628 [extr.]:
1328 583 1459 617 enata
1488 580 1590 616 medio
1624 580 1714 616 alveo
1738 580 1882 625 insula)
1893 591 1913 617 c

195 639 390 687 respondeat
414 640 518 677 verbis
548 641 715 683 „evadera
745 640 888 686 erupit&
918 651 935 676 e
960 640 1141 676 Nazariano
1168 639 1381 686 recipiendum
1407 650 1478 675 esse
1503 638 1638 675 videtur.

346 695 428 745 Ρη.
457 695 507 735 51.
535 696 549 735 1
577 695 651 742 (42.
680 695 716 741 2)
741 700 864 741 quanta
890 699 965 733 urbs
990 698 1024 742 (i.
1046 709 1073 733 e.
1094 698 1268 742 Carthago)
1294 698 1401 733 deleta
1426 697 1479 739 sit,
1508 699 1545 732 ut
1562 697 1601 732 de
1627 696 1741 732 ceteris
1758 699 1893 740 taceam,
1920 697 1961 733 de
1984 696 1995 732 i

344 811 483 848 Jahnius
508 813 541 847 et
559 811 718 854 Halmius,
747 811 806 847 viri
832 812 1088 857 praeclarissimi,
1118 815 1228 849 contra
1250 823 1342 848 usum
1359 813 1513 848 sermonis
1530 812 1639 848 Latini
1665 814 1697 848 et
1714 815 1825 848 contra
1841 812 1930 849 Flori
1947 812 2072 857 dicendi

195 868 454 906 consuetudinem
479 868 727 913 Bambergensis
752 868 921 905 lectionem
944 872 1054 915 aperte
1082 872 1262 915 corruptam
1288 881 1344 906 cur
1369 869 1547 915 receperint
1571 870 1657 906 haud
1681 869 1835 916 intelligo.
1888 869 1927 905 In
1962 869 2073 920 primis

195 925 279 962 enim
304 936 376 961 cum
401 936 419 961 e
443 926 537 961 verbo
568 927 744 970 „“probare
775 927 859 971 apud
885 927 1057 972 scriptores
1075 929 1234 963 Romanos
1260 938 1323 962 non
1348 928 1486 972 pendeat
1503 927 1722 972 praepositio,
1723 928 1809 970 ,⁴⁴,de
1837 927 1894 963 sed
1910 926 2071 964 ablativus
2128 921 2146 978 f

180 993 310 1020 causae
334 982 539 1019 manifestum
565 983 603 1019 fit
629 984 844 1029 corruptelam
870 984 957 1020 illam
985 987 1087 1021 ort-am
1114 996 1183 1021 esse
1210 986 1268 1020 aut
1294 996 1340 1028 eo,
1370 985 1453 1029 quod
1478 984 1599 1020 librarii
1617 985 1699 1021 oculi
1716 985 1906 1021 aberrabant
1931 984 1965 1020 ιιι
1980 991 2072 1037 prae-
2102 983 2146 1035 3..

99 1043 179 1086 251·
193 1040 381 1088 positionem
411 1042 492 1083 ‚,“de
522 1043 599 1078 ante
629 1042 787 1083 ‚ceteris“
816 1042 962 1088 positam,
991 1045 1048 1079 aut
1073 1055 1090 1079 e
1116 1042 1271 1089 particula
1298 1042 1464 1088 genuina,
1465 1043 1548 1083 vel“
1569 1045 1655 1079 recte
1680 1043 1714 1078 in
1738 1042 1915 1079 Nazariano
1940 1041 2070 1087 tradita,

123 1146 125 1149 ι
193 1110 289 1145 quam
313 1099 506 1145 particulam
524 1111 622 1145 saepe
640 1101 754 1136 Florus
780 1101 910 1137 adhibet
942 1101 1104 1136 cuiusdam
1122 1100 1167 1136 rei
1193 1101 1357 1145 augendae
1383 1101 1432 1136 vel
1450 1101 1654 1164 corrigendae
1671 1111 1775 1136 causa.
1829 1101 1868 1136 cf.
1887 1112 1918 1146 p.
1944 1101 2001 1137 39.
2026 1100 2070 1137 16
2103 1098 2105 1100 ’
2137 1094 2178 1141 „1ss

195 1168 294 1202 quam
317 1157 469 1193 velociter
493 1159 551 1202 (sc.
580 1157 743 1202 Scipiones
769 1157 959 1202 Hispaniam
986 1157 1253 1203 recuperaverint)
1279 1159 1429 1201 quattuor
1454 1157 1529 1192 anni
1555 1158 1712 1200 fatentur;
1751 1168 1846 1202 quam
1870 1157 1974 1201 facile,
1995 1158 2072 1205 vel
2093 1152 2095 1154 ’
2134 1151 2178 1203 -Ϊῖζῖ

196 1225 261 1250 una
286 1213 399 1250 civitas
424 1215 548 1260 probat.
604 1216 662 1249 50.
692 1217 711 1249 5
740 1214 794 1258 qui
820 1215 1042 1250 rebellantium
1067 1215 1163 1252 fuerit
1189 1215 1283 1257 furor,
1313 1215 1378 1250 vel
1405 1214 1478 1250 hinc
1504 1215 1640 1260 intelligi
1665 1217 1781 1261 potest,
1810 1215 1894 1260 quod
1910 1215 1944 1251 in
1979 1224 2072 1252 usum
2101 1219 2103 1242 ἲ

203 1281 303 1317 novae
328 1271 440 1307 classis
465 1273 555 1307 tecta
579 1272 727 1306 domuum
762 1271 970 1307 resciderunt.
1026 1276 1080 1308 50.
1113 1275 1158 1308 28
1196 1271 1362 1315 utriusque
1388 1272 1536 1307 victoriae
1570 1273 1652 1316 quod
1678 1274 1895 1317 quantumque
1920 1272 2072 1317 gaudium

197 1329 305 1372 fuerit,
332 1329 407 1365 vel
432 1327 508 1364 hinc
533 1327 695 1364 aestimari
722 1330 829 1373 potest
855 1329 938 1373 quod
957 1357 1079 1364 .....
1115 1332 1191 1365 115.
1223 1331 1242 1365 9
1270 1339 1351 1382 quae
1369 1328 1465 1365 fuerit
1481 1328 1670 1375 Alpinarum
1689 1329 1832 1375 gentium
1850 1328 1961 1366 feritas
1978 1329 2073 1366 facile
2100 1348 2102 1351 v
2170 1338 2174 1342 ’

197 1387 247 1421 est
269 1386 338 1421 vel
363 1396 422 1430 per
447 1385 598 1421 mulieres
625 1385 801 1421 ostendere.

345 1443 390 1480 Et
413 1442 466 1479 hic
492 1441 628 1487 quidem,
657 1442 711 1478 ubi
736 1444 844 1479 noster
870 1454 930 1479 uno
958 1444 1083 1479 tantum
1109 1445 1296 1489 argumento
1324 1446 1444 1488 quanta
1461 1445 1536 1480 urbs
1562 1444 1667 1480 deleta
1693 1443 1735 1479 sit
1753 1444 1944 1490 comprobat,
1972 1443 2072 1490 aptis·
2098 1438 2114 1481 ]

172 1534 174 1537 .
199 1501 280 1538 sima
305 1502 356 1537 est
380 1501 541 1546 particula
571 1501 678 1545 „vel“,
706 1500 824 1545 quippe
849 1511 912 1544 qua
939 1512 1035 1536 unum
1062 1501 1141 1536 illud
1167 1504 1390 1546 argumentum
1417 1502 1560 1536 firmetur
1586 1503 1618 1536 et
1643 1503 1809 1546 augeatur.

281 1558 284 1561 ’
345 1557 468 1595 Deinde
494 1560 527 1595 et
556 1557 721 1603 „igniuw
751 1568 821 1593 cum
848 1558 878 1593 N
905 1558 997 1594 scribi
1026 1559 1129 1602 debet,
1159 1570 1228 1595 cum
1255 1560 1370 1605 plurali
1396 1562 1525 1596 numero
1551 1559 1694 1596 vocabuli
1723 1559 1862 1606 „ignis⁴‘‚
1891 1569 1985 1604 quem
2009 1569 2073 1595 non
2117 1569 2125 1607 ⁴.
2172 1545 2178 1589 ἕ

129 1664 134 1667 ¹
197 1617 370 1653 abliorrere
395 1628 414 1652 a
440 1617 530 1652 Flori
556 1616 681 1652 dicendi
707 1627 826 1661 genere
853 1627 947 1661 supra
974 1617 1020 1660 (in
1044 1617 1140 1652 huius
1166 1617 1396 1652 dissertationis
1422 1620 1512 1661 parte
1543 1618 1646 1662 priore
1671 1630 1703 1664 p.
1734 1618 1812 1653 XVI
1830 1628 1889 1661 sq„
1918 1617 1959 1651 ad
1985 1616 2072 1652 Jahn

197 1686 229 1721 p.
257 1674 315 1710 33.
345 1675 407 1719 20)
433 1673 730 1716 demonstravimus,
760 1673 860 1709 multo
886 1672 1002 1709 maiore
1029 1673 1058 1708 vi
1078 1676 1109 1710 et
1135 1675 1272 1719 pondere
1290 1676 1444 1718 quantum
1462 1674 1538 1709 illud
1558 1673 1761 1720 Carthaginis
1778 1673 1958 1710 incendium
1975 1673 2073 1710 fuerit

198 1733 276 1768 ante
301 1732 408 1768 oculos
434 1733 583 1777 ponatur.

347 1788 493 1834 Apparet
511 1799 587 1833 ergo
605 1798 676 1823 cum
694 1789 724 1823 N
743 1788 801 1823 hoc
820 1789 888 1823 loco
907 1789 1105 1824 scribendum
1124 1800 1208 1825 esse:
1239 1791 1379 1832 „quanta
1398 1790 1471 1823 urbs
1490 1789 1595 1824 deleta
1613 1788 1665 1832 sit,
1693 1791 1729 1824 ut
1746 1789 1785 1824 de
1802 1788 1918 1824 ceteris
1935 1790 2070 1832 taceam,

199 1846 266 1883 vel
291 1845 454 1892 ignium
480 1857 568 1882 mora
593 1845 721 1892 probari
746 1847 887 1891 potesta*

349 1902 432 1950 Pau.
460 1902 509 1942 51.
530 1902 571 1942 18
597 1900 671 1948 (42.
692 1901 753 1947 22)
778 1902 830 1937 hic
857 1903 891 1947 (i.
913 1914 939 1938 e.
960 1903 1142 1946 Mummius)
1160 1903 1292 1939 alterius
1318 1894 1405 1938 ducis
1423 1903 1512 1939 Diaei
1532 1905 1621 1948 (ΟΗ;
1649 1905 1691 1938 Β;
1718 1904 1808 1939 Diaei
1834 1903 1877 1938 N:
1897 1903 2065 1949 dignitate

200 1960 349 2006 Pighius:
375 1961 466 1997 Diaei
492 1962 572 2005 late)
590 1960 768 1997 exercitum
795 1961 853 2008 sub
879 1960 957 2005 ipsis
983 1961 1097 1995 Isthmi
1124 1961 1266 1996 faucibus
1293 1961 1374 1998 fudit
1399 1961 1604 2006 geminosque
1629 1962 1740 2006 portus
1766 1960 1923 2006 sanguine
1948 1959 2068 1997 infecit.

347 2018 451 2054 Nimio
477 2018 593 2054 codicis
619 2019 647 2053 B
673 2029 779 2053 amore
806 2018 894 2053 ducti
925 2018 1062 2062 Jahnius
1088 2022 1121 2055 et
1146 2019 1293 2054 Halmius
1319 2019 1453 2064 priorem
1480 2021 1606 2054 tantum
1623 2021 1747 2065 partem
1765 2018 1965 2054 coniecturae
1981 2018 2072 2063 inge—
2134 2020 2178 2075 ΤΞ,

200 2077 289 2114 niose
314 2088 334 2112 a
358 2076 473 2122 Pighio
499 2077 604 2112 factae
629 2076 662 2111 in
688 2078 814 2111 textum
841 2079 1030 2121 receperunt
1056 2078 1088 2112 et
1114 2076 1249 2112 Jahnius
1275 2077 1401 2122 quidem
1426 2078 1574 2113 mendose
1600 2077 1633 2112 in
1659 2078 1815 2123 apparatu
1841 2075 1949 2112 critico
1974 2076 2071 2112 adno-

201 2135 284 2171 tavit
309 2134 460 2180 Pighium
482 2133 615 2176 „Diaei“
645 2133 846 2170 scribendum
873 2133 1052 2170 coniecisse.
1099 2135 1213 2170 Florus
1239 2134 1321 2171 enim
1348 2145 1417 2171 cum
1444 2138 1530 2171 amet
1547 2134 1728 2171 adverbium
1751 2136 1858 2176 ‚,late“
1880 2133 2072 2180 coniungere

202 2203 274 2228 cum
299 2191 402 2229 verbis
428 2191 564 2228 similem
589 2191 749 2228 notionem
776 2202 814 2227 ac
843 2191 1040 2235 „devincere
1070 2194 1221 2229 caedere“
1250 2193 1438 2230 habentibus
1464 2196 1507 2239 (p.
1530 2195 1587 2229 34.
1608 2195 1654 2228 22
1681 2192 1808 2239 Illyrii.
1829 2220 1836 2228 .
1858 2220 1866 2228 .
1896 2191 2071 2229 Centimalo

202 2250 282 2285 duce
306 2250 397 2285 late
422 2250 602 2292 domantur,
633 2251 690 2285 53.
716 2251 755 2284 11
784 2249 933 2284 Decimus
951 2250 1070 2284 Brutus
1089 2251 1251 2295 aliquanto
1277 2252 1417 2286 latius
1442 2251 1576 2286 Celticos
1602 2251 1834 2295 Lusitanosque
1859 2253 1917 2295 (sc.
1942 2249 2072 2295 devicit)
2118 2255 2121 2258 '

201 2317 277 2344 nam
293 2308 434 2361 ¹verbum
459 2307 586 2343 finitum
613 2318 631 2343 e
656 2306 760 2342 verbis
777 2307 1040 2344 antecedentibus
1070 2309 1191 2344 adsumi
1223 2310 1340 2354 debet),
1371 2312 1426 2345 68.
1462 2314 1482 2346 5
1510 2309 1672 2354 aliquanto
1698 2309 1836 2345 latius
1861 2319 1956 2353 quam
1981 2307 2092 2360 prius3

203 2363 332 2400 Siciliae
357 2374 483 2408 quoque
508 2364 603 2399 litora
621 2391 629 2399 .
651 2391 658 2398 .
680 2391 688 2398 .
711 2392 718 2398 .
747 2364 853 2399 subito
878 2365 1016 2400 adventu
1043 2368 1162 2401 terrere
1189 2369 1366 2408 voluerunt,
1394 2370 1470 2402 101.
1494 2370 1539 2403 20
1560 2369 1594 2402 ut
1619 2366 1749 2401 latiu
1762 2377 1778 2400 s
1796 2367 1937 2401 vinceret
1953 2366 2072 2402 Caesar
2088 2364 2099 2382 ⁵²
2135 2388 2170 2404 .-

209 2422 288 2456 ili.
318 2423 365 2456 24
391 2420 460 2455 visi
476 2420 643 2456 Ventidius
662 2450 669 2457 .
691 2449 698 2457 .
724 2451 726 2454 .
750 2421 884 2457 Labieni
911 2422 1041 2468 copias.
1063 2452 1070 2458 .
1093 2452 1100 2459 .
1130 2427 1197 2460 toto
1225 2425 1309 2461 inter
1326 2425 1475 2462 Orontem
1502 2427 1535 2461 et
1551 2424 1748 2471 Euphratem
1774 2423 1845 2461 sinu
1871 2424 1964 2462 late
1986 2422 2071 2463 oeci-

2154 2370 2178 2430 ,ῑέ
